

% l

@misc{wikiai,
   title = {人工智能},
   howpublished = {\url{https://zh.wikipedia.org/wiki/%E4%BA%BA%E5%B7%A5%E6%99%BA%E8%83%BD}}
},

@misc{wikihp,
   title = {人工智能哲学},
   howpublished = {\url{https://zh.wikipedia.org/wiki/%E4%BA%BA%E5%B7%A5%E6%99%BA%E8%83%BD%E5%93%B2%E5%AD%B8}}
},

@book{r2016, place={Harlow}, title={Artificial intelligence: a modern approach}, publisher={Pearson}, author={Russell, Stuart J.}, year={2016}},

@article{ml, volume={1}, DOI={10.1023/a:1022691120807}, number={1}, journal={Machine Learning}, author={Mitchell, Tom M. and Keller, Richard M. and Kedar-Cabelli, Smadar T.}, year={1986}, pages={47–80}},

@article{dm, volume={2}, DOI={10.1023/a:1009712318968}, number={1}, journal={Data Mining and Knowledge Discovery}, author={Fayyad, Usama}, year={1998}, pages={5–7}},

@article{turing, title={I.—Computing Machinery And Intelligence}, volume={LIX}, DOI={10.1093/mind/lix.236.433}, number={236}, journal={Mind}, author={Turing, A. M.}, year={1950}, month={Jan}, pages={433–460}},

@article{mouth, title={Expert systems as design aids for artificial vision systems: a survey}, DOI={10.1117/12.150131}, journal={Intelligent Robots and Computer Vision XII: Algorithms and Techniques}, author={Crevier, Daniel}, year={1993}}